@article{hurley-walker2017,
    title = {{{GaLactic}} and {{Extragalactic All-sky Murchison Widefield Array}} ({{GLEAM}}) Survey – {{I}}. {{A}} Low-Frequency Extragalactic Catalogue},
    author = {Hurley-Walker, N and Callingham, J R and Hancock, P J and Franzen, T M O and Hindson, L and Kapińska, A D and Morgan, J and Offringa, A R and Wayth, R B and Wu, C and Zheng, Q and Murphy, T and Bell, M E and Dwarakanath, K S and For, B and Gaensler, B M and Johnston-Hollitt, M and Lenc, E and Procopio, P and Staveley-Smith, L and Ekers, R and Bowman, J D and Briggs, F and Cappallo, R J and Deshpande, A A and Greenhill, L and Hazelton, B J and Kaplan, D L and Lonsdale, C J and McWhirter, S R and Mitchell, D A and Morales, M F and Morgan, E and Oberoi, D and Ord, S M and Prabu, T and Shankar, N Udaya and Srivani, K S and Subrahmanyan, R and Tingay, S J and Webster, R L and Williams, A and Williams, C L},
    date = {2017-01-01},
    year = {2017},
    journal = {Monthly Notices of the Royal Astronomical Society},
    shortjournal = {Monthly Notices of the Royal Astronomical Society},
    volume = {464},
    number = {1},
    pages = {1146--1167},
    issn = {0035-8711},
    doi = {10.1093/mnras/stw2337}
}

@article{unser2021unifying,
  title={A unifying representer theorem for inverse problems and machine learning},
  author={Unser, Michael},
  journal={Foundations of Computational Mathematics},
  volume={21},
  number={4},
  pages={941--960},
  year={2021},
  publisher={Springer}
}

@article{unser2017splines,
  title={Splines are universal solutions of linear inverse problems with generalized TV regularization},
  author={M. Unser and J. Fageot and {J.P.} Ward},
  journal={SIAM Review},
  volume={59},
  number={4},
  pages={769--793},
  year={2017},
  publisher={SIAM}
}

@article{fageot2020tv,
  title={{TV}-based Reconstruction of Periodic Functions},
  author={J. Fageot and M. Simeoni},
  journal={Inverse Problems},
  volume={36},
  number={11},
  year={2020},
  publisher={IOP Publishing}
}

@article{debarre2022part2,
    title = {{{TV-based}} Spline Reconstruction with {{Fourier}} Measurements: {{Uniqueness}} and Convergence of Grid-Based Methods},
    shorttitle = {{{TV-based}} Spline Reconstruction with {{Fourier}} Measurements},
    author = {Debarre, Thomas and Denoyelle, Quentin and Fageot, Julien},
    date = {2023-04-01},
    year = {2023},
    journal = {Journal of Computational and Applied Mathematics},
    shortjournal = {Journal of Computational and Applied Mathematics},
    volume = {422},
    pages = {114937},
    issn = {0377-0427},
    doi = {10.1016/j.cam.2022.114937}
}


@techreport{simeoni2020functional,
  title={Functional Inverse Problems on Spheres: Theory, Algorithms and Applications},
  author={M. Simeoni},
  year={2020},
  institution={EPFL}
}

@article{ali2019generalized,
  title={The generalized lasso problem and uniqueness},
  author={A. Ali and R.J. Tibshirani},
  journal={Electronic Journal of Statistics},
  volume={13},
  number={2},
  pages={2307--2347},
  year={2019},
  publisher={The Institute of Mathematical Statistics and the Bernoulli Society}
}

@article{caponera2021nonparametric,
    title = {Functional Estimation of Anisotropic Covariance and Autocovariance Operators on the Sphere},
    author = {Caponera, Alessia and Fageot, Julien and Simeoni, Matthieu and Panaretos, Victor M.},
    date = {2022-01},
    year = {2022},
    journal = {Electronic Journal of Statistics},
    volume = {16},
    number = {2},
    pages = {5080--5148},
    publisher = {{Institute of Mathematical Statistics and Bernoulli Society}},
    issn = {1935-7524, 1935-7524},
    doi = {10.1214/22-EJS2064}
}

@article{aujol2006std, 
    title={Structure-Texture Image Decomposition—Modeling, Algorithms, and Parameter Selection},
    volume={67},
    rights={http://www.springer.com/tdm},
    ISSN={0920-5691, 1573-1405},
    DOI={10.1007/s11263-006-4331-z},
    number={1},
    journal={International Journal of Computer Vision},
    author={Aujol, Jean-François and Gilboa, Guy and Chan, Tony and Osher, Stanley},
    year={2006},
    month=apr, 
pages={111–136},
    language={en}
}

@inproceedings{guennec2024std, 
    address={Lyon, France},
    title={Adaptive Parameter Selection for Gradient-Sparse Plus Low Patch-Rank Recovery: Application to Image Decomposition},
    rights={https://doi.org/10.15223/policy-029},
    ISBN={978-94-645936-1-7},
    url={https://ieeexplore.ieee.org/document/10715296/},
    DOI={10.23919/EUSIPCO63174.2024.10715296},
    booktitle={2024 32nd European Signal Processing Conference (EUSIPCO)},
    publisher={IEEE},
    author={Guennec, Antoine and Aujol, Jean-François and Traonmilin, Yann},
    year={2024},
    month=aug, 
    pages={2672–2676},
    language={en} 
}

@article{ono2014std,
    title={Cartoon-Texture Image Decomposition Using Blockwise Low-Rank Texture Characterization},
    volume={23},
    ISSN={1941-0042},
    DOI={10.1109/TIP.2014.2299067},
    number={3},
    journal={IEEE Transactions on Image Processing},
    author={Ono, Shunsuke and Miyata, Takamichi and Yamada, Isao},
    year={2014},
    month=mar, 
    pages={1128–1142} 
}

@article{mol2004mixed, 
    title={Inverse imaging with mixed penalties},
    journal={ULB Institutional Repository},
    author={Mol, C. D. and Defrise, M.},
    year={2004} 
}

@inproceedings{kreme2024separation, 
    address={Lyon, France},
    title={Consistent Spectrogram Separation from Nonstationary Mixture},
    rights={https://doi.org/10.15223/policy-029},
    ISBN={978-94-645936-1-7},
    url={https://ieeexplore.ieee.org/document/10715175/},
    DOI={10.23919/EUSIPCO63174.2024.10715175},
    booktitle={2024 32nd European Signal Processing Conference (EUSIPCO)},
    publisher={IEEE},
    author={Krémé, Marina and Meynard, Adrien},
    year={2024},
    month=aug, 
    pages={2512–2516},
    language={en} 
}

@article{bouwmans2017decomposition, 
    title={Decomposition into low-rank plus additive matrices for background/foreground separation: A review for a comparative evaluation with a large-scale dataset}, 
    volume={23}, 
    ISSN={1574-0137}, 
    DOI={10.1016/j.cosrev.2016.11.001}, 
    journal={Computer Science Review}, 
    author={Bouwmans, Thierry and Sobral, Andrews and Javed, Sajid and Jung, Soon Ki and Zahzah, El-Hadi}, 
    year={2017}, 
    month=feb, 
    pages={1–71} 
}

@manual{pyxu-framework,
	author = {Simeoni, Matthieu and Kashani, Sepand and Rué-Queralt, Joan and {Pyxu Developers}},
	  title = {pyxu-org/pyxu: pyxu},
  	publisher = {Zenodo},
  	doi = {10.5281/zenodo.4486431},
  	url = {https://doi.org/10.5281/zenodo.4486431},
  	year = {2025},
  	urldate = {2025-02-19}
}

@article{stergiopoulou2022colorme, 
    title={COL0RME: Super-resolution microscopy based on sparse blinking/fluctuating fluorophore localization and intensity estimation}, 
    volume={2}, 
    ISSN={2633-903X}, 
    DOI={10.1017/S2633903X22000010}, 
    journal={Biological Imaging}, 
    author={Stergiopoulou, Vasiliki and Calatroni, Luca and Goulart, Henrique de Morais and Schaub, Sébastien and Blanc-Féraud, Laure}, 
    year={2022}, 
    month=jan, 
    pages={e1}, 
    language={en}
}

@article{tanner2023composite,
    title={Compressed sensing of low-rank plus sparse matrices}, 
    volume={64}, 
    ISSN={1063-5203}, 
    DOI={10.1016/j.acha.2023.01.008}, 
    journal={Applied and Computational Harmonic Analysis},
    author={Tanner, Jared and Vary, Simon}, 
    year={2023}, 
    month=may, 
    pages={254–293} 
}

@ARTICLE{Hoerl1962ridge,
  author = {A.E. Hoerl},
  title = {Application of the Ridge Analysis to Regression Problems},
  journal = {Chemical Engineering Progress},
  year = {1962},
  volume = {58},
  number = {3},
  pages = {54--59}
}

@inproceedings{tikhonov1963solution,
  title={On the solution of ill-posed problems and the method of regularization},
  author={Tikhonov, Andrei Nikolaevich},
  booktitle={Doklady akademii nauk},
  volume={151},
  issue={3},
  pages={501--504},
  year={1963},
  organization={Russian Academy of Sciences}
}

@article{Park_Reichel_Rodriguez_Yu_2018, 
    title={Parameter determination for Tikhonov regularization problems in general form}, 
    volume={343}, 
    ISSN={0377-0427}, 
    DOI={10.1016/j.cam.2018.04.049}, 
    journal={Journal of Computational and Applied Mathematics}, 
    author={Park, Y. and Reichel, L. and Rodriguez, G. and Yu, X.}, 
    year={2018}, 
    month=dec, 
    pages={12–25} 
}

@article{hansen2000, 
    title={The L-curve and its use in the numerical treatment of inverse problems: InviteComputational Inverse Problems in Electrocardiology},
    journal={InviteComputational Inverse Problems in Electrocardiology}, 
    publisher={WIT Press}, 
    author={Hansen, 
    Per Christian}, 
    year={2000} 
}

@article{park2008parameter, 
    title={Parameter determination for Tikhonov regularization problems in general form}, 
    volume={343}, 
    ISSN={0377-0427}, 
    DOI={10.1016/j.cam.2018.04.049}, 
    journal={Journal of Computational and Applied Mathematics}, 
    author={Park, Y. and Reichel, L. and Rodriguez, G. and Yu, X.}, 
    year={2018}, 
    month=dec, 
    pages={12–25} 
}

@article{chirinos2024parameter, 
    title={On learning the optimal regularization parameter in inverse problems}, 
    volume={40}, 
    ISSN={0266-5611}, 
    DOI={10.1088/1361-6420/ad8a84},
    number={12}, 
    journal={Inverse Problems}, 
    publisher={IOP Publishing}, 
    author={Chirinos-Rodríguez, 
    Jonathan and Vito, Ernesto De and Molinari, Cesare and Rosasco, Lorenzo and Villa, Silvia}, 
    year={2024}, 
    month=nov, 
    pages={125004}, 
    language={en} 
}
 
@article{deladalle2014sugar, 
    title={Stein Unbiased GrAdient estimator of the Risk (SUGAR) for Multiple Parameter Selection}, 
    volume={7}, 
    ISSN={1936-4954}, 
    DOI={10.1137/140968045}, 
    number={4}, 
    journal={SIAM Journal on Imaging Sciences}, 
    author={Deledalle, 
    Charles-Alban and Vaiter, Samuel and Fadili, Jalal and Peyré, Gabriel}, 
    year={2014}, 
    month=jan, 
    pages={2448–2487}, 
    language={en} 
}

@ARTICLE{Fisher1975,
  author = {S.D. Fisher and J.W. Jerome},
  title = {Spline solutions to $\ell_1$ extremal problems in one and several variables},
  journal = {Journal of Approximation Theory},
  year = {1975},
  volume = {13},
  pages = {73--83},
  number = {1},
  file = {Fisher1975.pdf:Fisher1975.pdf:PDF},
  publisher = {Elsevier}
}

@article{sage2019smlm, 
    title={Super-resolution fight club: assessment of 2D and 3D single-molecule localization microscopy software}, 
    volume={16}, 
    rights={2019 The Author(s), 
    under exclusive licence to Springer Nature America, Inc.}, 
    ISSN={1548-7105}, 
    DOI={10.1038/s41592-019-0364-4}, 
    number={5}, 
    journal={Nature Methods}, 
    publisher={Nature Publishing Group}, 
    author={Sage, Daniel and Pham, Thanh-An and Babcock, Hazen and Lukes, Tomas and Pengo, Thomas and Chao, Jerry and Velmurugan, Ramraj and Herbert, Alex and Agrawal, Anurag and Colabrese, Silvia and Wheeler, Ann and Archetti, Anna and Rieger, Bernd and Ober, Raimund and Hagen, Guy M. and Sibarita, Jean-Baptiste and Ries, Jonas and Henriques, Ricardo and Unser, Michael and Holden, Seamus}, 
    year={2019}, 
    month=may, 
    pages={387–395}, 
    language={en} 
}

@article{laville2021sparse,
    title={Off-The-Grid Variational Sparse Spike Recovery: Methods and Algorithms}, 
    volume={7}, 
    rights={http://creativecommons.org/licenses/by/3.0/}, 
    ISSN={2313-433X}, 
    DOI={10.3390/jimaging7120266}, 
    number={1212}, 
    journal={Journal of Imaging}, 
    publisher={Multidisciplinary Digital Publishing Institute}, 
    author={Laville, Bastien and Blanc-Féraud, Laure and Aubert, Gilles}, 
    year={2021}, 
    month=dec, 
    pages={266}, 
    language={en} 
}

@article{huang2017super, 
    title={Super-Resolution Image Reconstruction for High-Density Three-Dimensional Single-Molecule Microscopy}, 
    volume={3}, 
    ISSN={2333-9403}, 
    DOI={10.1109/TCI.2017.2699425}, 
    number={4}, 
    journal={IEEE Transactions on Computational Imaging}, 
    author={Huang, Jiaqing and Sun, Mingzhai and Ma, Jianjie and Chi, Yuejie}, 
    year={2017}, 
    month=dec, 
    pages={763–773} 
}

@article{laville2023a,
    title = {Off-the-{{Grid Curve Reconstruction}} through {{Divergence Regularization}}: {{An Extreme Point Result}}},
    shorttitle = {Off-the-{{Grid Curve Reconstruction}} through {{Divergence Regularization}}},
    author = {Laville, Bastien and Blanc-Féraud, Laure and Aubert, Gilles},
    date = {2023-06-30},
    year = {2023},
    journal = {SIAM Journal on Imaging Sciences},
    shortjournal = {SIAM J. Imaging Sci.},
    volume = {16},
    number = {2},
    pages = {867--885},
    publisher = {{Society for Industrial and Applied Mathematics}},
    doi = {10.1137/22M1494373}
}

@inproceedings{Scholkopf2001generalized,
  title={A generalized representer theorem},
  author={B. Sch{\"o}lkopf and R. Herbrich and A. Smola},
  booktitle={Computational learning theory},
  pages={416--426},
  year={2001},
  organization={Springer}
}

@article{ambrosio2023,
    title = {Linear Inverse Problems with {{Hessian}}–{{Schatten}} Total Variation},
    author = {Ambrosio, Luigi and Aziznejad, Shayan and Brena, Camillo and Unser, Michael},
    date = {2023-11-20},
    year = {2023},
    journal = {Calculus of Variations and Partial Differential Equations},
    shortjournal = {Calc. Var.},
    volume = {63},
    number = {1},
    pages = {9},
    issn = {1432-0835},
    doi = {10.1007/s00526-023-02611-6},
    langid = {english}
}

@article{decastro2024,
    title = {Exact Recovery of the Support of Piecewise Constant Images via Total Variation Regularization},
    author = {De Castro, Yohann and Duval, Vincent and Petit, Romain},
    date = {2024-09},
    year = {2024},
    journal = {Inverse Problems},
    shortjournal = {Inverse Problems},
    volume = {40},
    number = {10},
    pages = {105012},
    publisher = {IOP Publishing},
    issn = {0266-5611},
    doi = {10.1088/1361-6420/ad75b1},
    langid = {english}
}

@article{Debarre2019,
  title={B-Spline-Based Exact Discretization of Continuous-Domain Inverse Problems with Generalized {TV} Regularization},
  author={T. Debarre and J. Fageot and H. Gupta and M. Unser},
  journal={IEEE Transactions on Information Theory},
  volume={65},
  number={7},
  pages={4457--4470},
  year={2019},
  publisher={IEEE}
}

@article{Unser2020,
    title={A Unifying Representer Theorem for Inverse Problems and Machine Learning}, 
    ISSN={1615-3375, 1615-3383}, 
    DOI={10.1007/s10208-020-09472-x}, 
    journal={Foundations of Computational Mathematics}, 
    author={Unser, Michael}, 
    year={2020}, 
    month=sep, 
    language={en} 
}

@article{duval2017sparseI,
  title={Sparse regularization on thin grids {I}: the {L}asso},
  author = {V. Duval and G. Peyr{\'e}},
  journal={Inverse Problems},
  volume={33},
  number={5},
  pages={055008},
  year={2017},
  publisher={IOP Publishing}
}


@article{tibshirani2013lasso,
  title={The lasso problem and uniqueness},
  author={R.J. Tibshirani},
  journal={Electronic Journal of Statistics},
  volume={7},
  pages={1456--1490},
  year={2013},
  publisher={The Institute of Mathematical Statistics and the Bernoulli Society}
}

@article{mol2004,
  title = {Inverse Imaging with Mixed Penalties},
  author = {De Mol, Christine and Defrise, Michel},
  year = {2004},
  journal = {ULB Institutional Repository},
}

@inproceedings{jarret2024decoupled,
    title = {A {{Decoupled Approach}} for {{Composite Sparse-Plus-Smooth Penalized Optimization}}},
    booktitle = {2024 32nd {{European Signal Processing Conference}} ({{EUSIPCO}})},
    author = {Jarret, Adrian and Costa, Valérie and Fageot, Julien},
    date = {2024-08},
    year = {2024},
    pages = {2617--2621},
    issn = {2076-1465},
    doi = {10.23919/EUSIPCO63174.2024.10715163},
    eventtitle = {2024 32nd {{European Signal Processing Conference}} ({{EUSIPCO}})}
}

@article{koulouri2021,
    title={Adaptive Superresolution in Deconvolution of Sparse Peaks}, 
    volume={69}, 
    ISSN={1053-587X, 1941-0476}, 
    DOI={10.1109/TSP.2020.3037373}, 
    journal={IEEE Transactions on Signal Processing}, 
    author={Koulouri, Alexandra and Heins, Pia and Burger, Martin}, 
    year={2021}, 
    pages={165–178}, 
    language={en} 
}

@article{flinth2023grid,
    title = {Grid Is {{Good}}. {{Adaptive Refinement Algorithms}} for {{Off-the-Grid Total Variation Minimization}}},
    author = {Flinth, Axel and {de Gournay},Frédéric and Weiss, Pierre},
    year = {2025},
    journal = {Open Journal of Mathematical Optimization},
    volume = {6},
    pages = {1--27},
    issn = {2777-5860},
    doi = {10.5802/ojmo.39}
}

@article{liang2022improving,
    title={Improving “Fast Iterative Shrinkage-Thresholding Algorithm”: Faster, Smarter, and Greedier},
    volume={44}, 
    ISSN={1064-8275}, 
    DOI={10.1137/21M1395685}, 
    number={3}, 
    journal={SIAM Journal on Scientific Computing}, 
    publisher={Society for Industrial and Applied Mathematics}, 
    author={Liang, Jingwei and Luo, Tao and Schönlieb, Carola-Bibiane}, 
    year={2022}, 
    month=jun, 
    pages={A1069–A1091} 
}

@article{osher2003decomposition, 
    title={Image Decomposition and Restoration Using Total Variation Minimization and the H1}, 
    volume={1}, 
    ISSN={1540-3459}, 
    DOI={10.1137/S1540345902416247}, 
    number={3}, 
    journal={Multiscale Modeling \& Simulation}, 
    publisher={Society for Industrial and Applied Mathematics}, 
    author={Osher, Stanley and Solé, Andrés and Vese, Luminita}, 
    year={2003},
    month=jan, 
    pages={349–370}
}

@article{stark2005decomposition, 
    title={Image decomposition via the combination of sparse representations and a variational approach}, 
    volume={14}, 
    ISSN={1057-7149}, 
    DOI={10.1109/TIP.2005.852206}, 
    number={10}, 
    journal={IEEE Transactions on Image Processing}, 
    author={Starck, J.-L. and Elad, M. and Donoho, D.L.}, 
    year={2005}, 
    month=oct, 
    pages={1570–1582}, 
    language={en}
 }

 @article{chen2001atomic,
  title={Atomic decomposition by basis pursuit},
  author={Chen, S.S. and Donoho, D.L. and Saunders, M.A.},
  journal={SIAM review},
  volume={43},
  number={1},
  pages={129--159},
  year={2001},
  publisher={SIAM}
}

@article{daubechies2005decomposition,
    title={Variational image restoration by means of wavelets: Simultaneous decomposition, deblurring, and denoising}, 
    volume={19}, 
    ISSN={1063-5203}, 
    DOI={10.1016/j.acha.2004.12.004},
    number={1}, 
    journal={Applied and Computational Harmonic Analysis}, 
    author={Daubechies, Ingrid and Teschke, G.}, 
    year={2005}, 
    month=jul, 
    pages={1–16} 
}

@article{marziliano2006blsignals, 
    title={Sampling and exact reconstruction of bandlimited signals with additive shot noise}, 
    volume={52}, 
    ISSN={1557-9654}, 
    DOI={10.1109/TIT.2006.872844}, 
    number={5}, 
    journal={IEEE Transactions on Information Theory}, 
    author={Marziliano, P. and Vetterli, M. and Blu, T.}, 
    year={2006}, 
    month=may, 
    pages={2230–2233} 
}

@article{gholami2013balanced,
  title={A balanced combination of {T}ikhonov and total variation regularizations for reconstruction of piecewise-smooth signals},
  author={A. Gholami and S.M. Hosseini},
  journal={Signal Processing},
  volume={93},
  number={7},
  pages={1945--1960},
  year={2013},
  publisher={Elsevier}
}

@article{chandrasekaran2012convex,
  title={The convex geometry of linear inverse problems},
  author={V. Chandrasekaran and B. Recht and P.A. Parrilo and A.S. Willsky},
  journal={Foundations of Computational mathematics},
  volume={12},
  number={6},
  pages={805--849},
  year={2012},
  publisher={Springer}
}

@article{boyer2019representer,
  title={On representer theorems and convex regularization},
  author={C. Boyer and A. Chambolle and Y. De Castro and V. Duval and F. De Gournay and P. Weiss},
  journal={SIAM Journal on Optimization},
  volume={29},
  number={2},
  pages={1260--1281},
  year={2019},
  publisher={SIAM}
}

@article{gupta2018continuous,
  title = {Continuous-Domain Solutions of Linear Inverse Problems with {T}ikhonov \textit{vs.} Generalized {TV} Regularization},  
  author = {H. Gupta and J. Fageot and M. Unser},
  journal={IEEE Transactions on Signal Processing},
  volume={66},
  number={17},
  pages={4670--4684},
  year={2018},
  publisher={IEEE}
}

@misc{unser2019native,
      title={Native Banach spaces for splines and variational inverse problems}, 
      author={Michael Unser and Julien Fageot},
      year={2019},
      eprint={1904.10818},
      archivePrefix={arXiv},
      primaryClass={math.FA},
      url={https://arxiv.org/abs/1904.10818}, 
}

@article{bredies2020sparsity,
  title={Sparsity of solutions for variational inverse problems with finite-dimensional data},
  author={K. Bredies and M. Carioni},
  journal={Calculus of Variations and Partial Differential Equations},
  volume={59},
  number={1},
  pages={14},
  year={2020},
  publisher={Springer}
}

@ARTICLE{Unser2016representer,
  author = {M. Unser and J. Fageot and H. Gupta},
  title = {Representer Theorems for Sparsity-Promoting $\ell_{1}$ Regularization},
  journal = {{IEEE} Transactions on Information Theory},
  year = {2016},
  volume = {62},
  pages = {5167--5180},
  number = {9},
  month = {September}
}

@article{debarnot2020learning,
  title={Learning low-dimensional models of microscopes},
  author={V. Debarnot and P. Escande and T. Mangeat and P. Weiss},
  journal={IEEE Transactions on Computational Imaging},
  volume={7},
  pages={178--190},
  year={2020},
  publisher={IEEE}
}

@article{debarre2021continuous,
  title={Continuous-domain formulation of inverse problems for composite sparse-plus-smooth signals},
  author={T. Debarre and S. Aziznejad and M. Unser},
  journal={IEEE Open Journal of Signal Processing},
  volume={2},
  pages={545--558},
  year={2021},
  publisher={IEEE}
}

@article{unser2022convex,
  title={Convex optimization in sums of {B}anach spaces},
  author={M. Unser and S. Aziznejad},
  journal={Applied and Computational Harmonic Analysis},
  volume={56},
  pages={1--25},
  year={2022},
  publisher={Elsevier}
}

@article{Badou,
  title={Periodic Splines and {G}aussian Processes for the Resolution of Linear Inverse Problems},
  author={A. Badoual and J. Fageot and M. Unser},
  journal={IEEE Transactions on Signal Processing},
  volume={66},
  number={22},
  pages={6047--6061},
  year={2018},
  publisher={IEEE}
}

@article{debarre2022sparsest,
  title={Sparsest piecewise-linear regression of one-dimensional data},
  author={T. Debarre and Q. Denoyelle and M. Unser and J. Fageot},
  journal={Journal of Computational and Applied Mathematics},
  volume={406},
  pages={114044},
  year={2022},
  publisher={Elsevier}
}

@article{denoyelle2019sliding,
  title={The sliding {F}rank-{W}olfe algorithm and its application to super-resolution microscopy},
  author={Q. Denoyelle and V. Duval and G. Peyr{\'e} and E. Soubies},
  journal={Inverse Problems},
  year={2019},
  publisher={IOP Publishing}
}

@ARTICLE{Kimeldorf1970,
  author = {G.S. Kimeldorf and G. Wahba},
  title = {Spline functions and stochastic processes},
  journal = {Sankhy{\=a}: The Indian Journal of Statistics, Series A},
  year = {1970},
  pages = {173--180},
  file = {Kimeldorf1970spline.pdf:Kimeldorf1970spline.pdf:PDF},
  publisher = {JSTOR}
}

@article{tibshirani1996regression,
  title={Regression shrinkage and selection via the lasso},
  author={R.  Tibshirani},
  journal={Journal of the Royal Statistical Society: Series B (Methodological)},
  volume={58},
  number={1},
  pages={267--288},
  year={1996},
  publisher={Wiley Online Library}
}

@article{guillemet2025a,
    title = {Convergence Analysis of the Discretization of Continuous-Domain Inverse Problems},
    author = {Guillemet, Vincent and Fageot, Julien and Unser, Michael},
    year = {2025},
    journal = {Inverse Problems},
    shortjournal = {Inverse Problems},
    volume = {41},
    number = {4},
    pages = {045008},
    publisher = {IOP Publishing},
    issn = {0266-5611},
    doi = {10.1088/1361-6420/adc0b5},
}


@article{minh2010,
  title = {Some {{Properties}} of {{Gaussian Reproducing Kernel Hilbert Spaces}} and {{Their Implications}} for {{Function Approximation}} and {{Learning Theory}}},
  author = {Minh, Ha Quang},
  date = {2010-10-01},
  journal = {Constructive Approximation},
  shortjournal = {Constr Approx},
  volume = {32},
  number = {2},
  pages = {307--338},
  issn = {1432-0940},
  doi = {10.1007/s00365-009-9080-0},
  langid = {english}
}

@book{wendland2004,
  title = {Scattered {{Data Approximation}}},
  author = {Wendland, Holger},
  date = {2004},
  series = {Cambridge {{Monographs}} on {{Applied}} and {{Computational Mathematics}}},
  publisher = {Cambridge University Press},
  location = {Cambridge},
  doi = {10.1017/CBO9780511617539},
  isbn = {978-0-521-84335-5}
}

@BOOK{Berlinet2011reproducing,
  title = {Reproducing kernel Hilbert spaces in probability and statistics},
  publisher = {Springer Science \& Business Media},
  year = {2011},
  author = {A. Berlinet and C. Thomas-Agnan}
}